@BOOK{lewin:2004,
  AUTHOR    = {B. Lewin},
  TITLE     = {Genes 8},
  PUBLISHER = {Pearson Prentice Hall},
  ADDRESS   = {Upper Saddle River, NJ 07458},
  YEAR      = 2004
}

@MISC{GL07,
  AUTHOR    = {Gregory Lab at the University of Guelph in Guelph, Ontario,
               Canada},
  TITLE     = {{http://www.genomesize.com/gregorylab/research/, 02/01/2007}},
  YEAR      = {2007}
}

@ARTICLE{BFB+67,
  AUTHOR    = {H.E. Bond and W.G. Flamm and H.E. Burr and S.B. Bond},
  TITLE     = {Mouse satellite \normalsize{DNA}. Further studies on its biological and
               physical characteristics and its intracellular localization.},
  JOURNAL   = {J Mol Biol.},
  VOLUME    = 27,
  NUMBER    = 2,
  PAGES     = {289-302},
  YEAR      = 1967
}

@ARTICLE{BK68,
  AUTHOR    = {R.J. Britten and D.E. Kohne},
  TITLE     = {Repeated sequences in \normalsize{DNA}. 
               Hundreds of thousands of copies of \normalsize{DNA}
               sequences have been incorporated into the genomes of higher
	       organisms.},
  JOURNAL   = {Science},
  VOLUME    = 161,
  NUMBER    = 841,
  PAGES     = {529-40},
  YEAR      = 1968
}

@BOOK{knippers:2001,
  AUTHOR    = {R. Knippers},
  TITLE     = {Molekulare Genetik},
  PUBLISHER = {Georg Thieme Verlag},
  ADDRESS   = {Rüdigerstrasse 14, D-70469 Stuttgart},
  YEAR      = 2001
}

@ARTICLE{human:2001,
  AUTHOR    = {International Human Genome Sequencing Consortium},
  TITLE     = {Initial sequencing and analysis of the human genome},
  JOURNAL   = {Nature},
  VOLUME    = 409,
  NUMBER    = 6822,
  PAGES     = {860-921},
  YEAR      = 2001
}

@ARTICLE{LGW+01,
  AUTHOR    = {W.H. Li and Z. Gu and H. Wang and A. Nekrutenko},
  TITLE     = {Evolutionary analyses of the human genome},
  JOURNAL   = {Nature},
  VOLUME    = 409,
  NUMBER    = 6822,
  PAGES     = {847-9},
  YEAR      = 2001
}

@ARTICLE{kim:1998,
  AUTHOR    = {J.M. Kim and S. Vanguri and J.D. Boeke and A. Gabriel and
               D.F. Voytas},
  TITLE     = {Transposable elements and genome organisation: a comprehensive
               survey of retrotransposons revealed by the complete 
	       \textit{Saccharomyces cerevisiae} genome sequence},
  JOURNAL   = {Genome Research},
  VOLUME    = 8,
  NUMBER    = 5,
  PAGES     = {464-478},
  YEAR      = 1998
}

@ARTICLE{sandmeyer:1998,
  AUTHOR    = {S. Sandmeyer},
  TITLE     = {Targeting transposition: At home in the genome},
  JOURNAL   = {Genome Research},
  VOLUME    = 8,
  NUMBER    = 5,
  PAGES     = {416-418},
  YEAR      = 1998
}

@ARTICLE{mouse:2002,
  AUTHOR    = {International Mouse Genome Sequencing Consortium},
  TITLE     = {Initial sequencing and comparative analysis of the 
               mouse genome},
  JOURNAL   = {Nature},
  VOLUME    = 420,
  NUMBER    = 6915,
  PAGES     = {520-562},
  YEAR      = 2002
}

@ARTICLE{SB99,
  AUTHOR    = {S.A. Surzycki and W.R. Belknap},
  TITLE     = {Characterization of repetitive \normalsize{DNA} 
               elements in \textit{Arabidopsis}},
  JOURNAL   = {J Mol Evol.},
  VOLUME    = 48,
  NUMBER    = 6,
  PAGES     = {684-91},
  YEAR      = 1999
}

@ARTICLE{ZFZ+01,
  AUTHOR    = {X. Zhang and C. Feschotte and Q. Zhang and N. Jiang and W.B. Eggleston
               and S.R. Wessler},
  TITLE     = {P instability factor: an active maize transposon system
               associated with the amplification of Tourist-like \normalsize{MITEs}
	       and a new
               superfamily of transposases},
  JOURNAL   = {Proc Natl Acad Sci U S A.},
  VOLUME    = 98,
  NUMBER    = 22,
  PAGES     = {12572-7},
  YEAR      = 2001
}

@ARTICLE{luan:1993,
  AUTHOR    = {D.D. Luan and M.H. Korman and J.L. Jakubczak and T.H. Eickbush},
  TITLE     = {Reverse transcription of \normalsize{R2Bm RNA} is primed by a nick at the
               chromosomal target site: a mechanism for non-\normalsize{LTR} 
	       retrotransposition.},
  JOURNAL   = {Cell},
  VOLUME    = 72,
  NUMBER    = 4,
  PAGES     = {595-605},
  YEAR      = 1993
}

@ARTICLE{cost:2002,
  AUTHOR    = {G.J. Cost and Q. Feng and A. Jacquier and J.D. Boeke},
  TITLE     = {Human \normalsize{L1} element target-primed reverse transcription in vitro.},
  JOURNAL   = {EMBO J.},
  VOLUME    = 21,
  NUMBER    = 21,
  PAGES     = {5899-910},
  YEAR      = 2002
}

@ARTICLE{LS93,
  AUTHOR    = {P.R. Leeton and D.R. Smyth},
  TITLE     = {An abundant LINE-like element amplified in the genome of 
               \textit{Lilium speciosum}},
  JOURNAL   = {Mol Gen Genet.},
  VOLUME    = 237,
  PAGES     = {97-104},
  YEAR      = 1993
}

@ARTICLE{sanmiguel:1996,
  AUTHOR    = {P. SanMiguel and A. Tikhonov and Y.K. Jin and 
 N. Motchoulskaia and D. Zakharov and A. Melake-Berhan and
 P.S. Springer and K.J. Edwards and M. Lee and
 Z. Avramova and J.L Bennetzen},
  TITLE     = {Nested Retrotransposons in the
               Intergenic Regions of the Maize Genome},
  JOURNAL   = {Science},
  VOLUME    = 274,
  NUMBER    = 5288,
  PAGES     = {765-768},
  YEAR      = 1996 
}

@ARTICLE{kalyanaraman:2006,
  AUTHOR    = {A. Kalyanaraman and S. Aluru},
  TITLE     = {Efficient algorithms and software for detection of full-length
               \normalsize{LTR} retrotransposons},
  JOURNAL   = {Journal Bioinformatics and Computional Biology},
  VOLUME    = 4,
  NUMBER    = 2,
  PAGES     = {197-216},
  YEAR      = 2006
}

@ARTICLE{kazazian:2004,
  AUTHOR    = {H.H. Jr. Kazazian},
  TITLE     = {Mobile elements: drivers of genome evolution},
  JOURNAL   = {Science},
  VOLUME    = 303,
  NUMBER    = 5664,
  PAGES     = {1626-32},
  YEAR      = 2004 
}

@MISC{repeatmasker:1999,
  AUTHOR    = {A.F.A. Smit and P. Green and R. Hubley},
  TITLE     = {RepeatMasker, http://repeatmasker.org/},
  YEAR      = 1999 
}

@UNPUBLISHED{repeatmasker:1999:help,
  AUTHOR    = {A.F.A. Smit and P. Green and R. Hubley},
  TITLE     = {RepeatMasker, http://repeatmasker.org/webrepeatmaskerhelp.html
               },
  NOTE      = {(from 02/05/2007)},
  YEAR      = 2007 
}

@ARTICLE{han:2004,
  AUTHOR    = {J.S. Han and S.T. Szak and J.D. Boeke},
  TITLE     = {Transcriptional disruption by the \normalsize{L1} 
               retrotransposon and
               implications for mammalian transcriptomes},
  JOURNAL   = {Nature},
  VOLUME    = 429,
  NUMBER    = 6989,
  PAGES     = {268-74},
  YEAR      = 2004
}

@ARTICLE{BE02,
  AUTHOR    = {Z. Bao and S.R. Eddy},
  TITLE     = {Automated De Novo Identification of Repeat Sequence Families in
               Sequenced Genomes},
  JOURNAL   = {Genome Res},
  VOLUME    = 12,
  NUMBER    = 8,
  PAGES     = {1269-1276},
  YEAR      = 2002
}

@MISC{vmatch,
  AUTHOR    = {S. Kurtz},
  TITLE     = {The \textsc{Vmatch} large scale sequence analysis software.
               http://www.vmatch.de},
}

@ARTICLE{morgante:2005,
  AUTHOR    = {M. Morgante and A. Policriti and N. Vitacolonna and A. Zuccolo},
  TITLE     = {Structured Motifs Search},
  JOURNAL   = {Journal of Computational Biology},
  VOLUME    = 12,
  NUMBER    = 8,
  PAGES     = {1065-1082},
  YEAR      = 2005
}

@ARTICLE{ltrstruc:2003,
  AUTHOR    = {E.M. McCarthy and J.F. McDonald },
  TITLE     = {\normalsize{LTR\_STRUC}: a novel search and identification program for 
               \normalsize{LTR}
               retrotransposons},
  JOURNAL   = {Bioinformatics},
  VOLUME    = 19,
  NUMBER    = 3,
  PAGES     = {362-7},
  YEAR      = 2003
}

@Article{FGM04,
  AUTHOR = {L.F. Franchini and E.W. Ganko and J.F. McDonald},
  TITLE = {Retrotransposon-gene associations are widespread among 
           \textit{D. melanogaster} populations},
  JOURNAL = {Mol. Biol. Evol.},
  VOLUME = {21},
  NUMBER = {7},
  PAGES  = {1323-1331},
  YEAR = {2004},
}

@ARTICLE{MJL+02,
  author = {E.M. McCarthy and L. Jingdong and G. Lizhi and J.F. McDonald},
  title = {Long terminal repeat retrotransposons of \textit{Oryza sativa}},
  journal = {Genome Biology},
  volume = {3},
  NUMBER = {10},
  pages = {0053.1-0053.11},
  year = {2002}
}

@Article{McMc04,
  AUTHOR = {E.M. McCarthy and J.F. McDonald},
  TITLE = {Long terminal repeat retrotransposons of \textit{Mus musculus}},
  JOURNAL = {Genome Biol.},
  VOLUME = {5},
  NUMBER = {3},
  PAGES  = {R14},
  YEAR = {2004},
}

@Article{PBM06,
  AUTHOR = {N. Polavarapu and N.J. Bowen and J.F. McDonald},
  TITLE  = {Identification, characterization and comparative genomics of
            chimpanzee endogenous retroviruses},
  JOURNAL = {Genome Biol.},
  VOLUME  = {7},
  NUMBER  = {6},
  YEAR    = {2006},
  PAGES   = {R51},
}

@ARTICLE{MM03,
  AUTHOR    = {U. Manber and G. Myers},
  TITLE     = {Suffix Arrays: A New Method for On-Line String Searches},
  JOURNAL   = {SIAM Journal on Computing},
  VOLUME    = 22,
  NUMBER    = 5,
  PAGES     = {935-948},
  YEAR      = 1993
}

@INBOOK{GBS92,
  AUTHOR    = {G.H. Gonnet and R.A. Baeza-Yates and T. Snider},
  TITLE     = {New indices for text: PAT Trees and PAT arrays},
  CHAPTER   = 5,
  PAGES     = {66 - 82},
  PUBLISHER = {Prentice-Hall, Inc.},
  ADDRESS   = {Upper Saddle River, NJ, USA},
  YEAR      = 1992
}

@ARTICLE{McC76,
  AUTHOR    = {E.M. McCreight},
  TITLE     = {A space-economical suffix tree construction algorithm},
  JOURNAL   = {Journal of the ACM},
  VOLUME    = 23,
  NUMBER    = 2,
  PAGES     = {262-272},
  YEAR      = 1976
}

@ARTICLE{Wei73,
  AUTHOR    = {P. Weiner},
  TITLE     = {Linear pattern matching algorithms},
  JOURNAL   = {14th Annual Symposium on Switching and Automata Theory},
  PAGES     = {1-11},
  YEAR      = 1973
}

@ARTICLE{Apo85,
  AUTHOR    = {A. Apostolico},
  TITLE     = {The myriad virtues of subword trees},
  JOURNAL   = {Combinatorial Algorithms on Words},
  VOLUME    = 12,
  PAGES     = {85-96},
  YEAR      = 1985
}

@BOOK{Gus97,
  AUTHOR    = {D. Gusfield},
  TITLE     = {Algorithms on Strings, Trees, and Sequences: Computer Science and
               Computational Biology},
  PUBLISHER = {Cambridge University Press},
  ADDRESS   = {New York},
  YEAR      = 1997 
}

@BOOK{Kur05,
  AUTHOR    = {S. Kurtz},
  TITLE     = {Foundations of Sequence Analysis - Lecture notes for a course in
               the Summer Semester},
  YEAR      = 2005 
}

@ARTICLE{GKS03,
  AUTHOR    = {R. Giegerich and S. Kurtz and J. Stoye},
  TITLE     = {Efficient Implementation of Lazy Suffix Trees},
  JOURNAL   = {Software-Practice and Experience},
  VOLUME    = 33,
  NUMBER    = 11,
  PAGES     = {1035-1049},
  YEAR      = 2003
}


@ARTICLE{KCO01,
  AUTHOR    = {S. Kurtz and J.V. Choudhuri and E. Ohlebusch and C. Schleiermacher
               and J. Stoye and R. Giegerich},
  TITLE     = {\normalsize{REPuter}: The Manifold Applications of Repeat Analysis on a
               Genomic Scale},
  JOURNAL   = {Nucleic Acids Res},
  VOLUME    = 29,
  NUMBER    = 22,
  PAGES     = {4633-4642},
  YEAR      = 2001
}

@ARTICLE{HKO02,
  AUTHOR    = {M. Höhl and S. Kurtz and E. Ohlebusch},
  TITLE     = {Efficient Multiple Genome Alignment},
  JOURNAL   = {Bioinformatics},
  VOLUME    = 18,
  NUMBER    = 1,
  PAGES     = {S312-S320},
  YEAR      = 2002
}


@ARTICLE{DKF+99,
  author = "A. L. Delcher and S. Kasif and R. D. Fleischmann and J. Peterson
            and O. White and S. L. Salzberg",
  title = "Alignment of whole genomes",
  journal = "Nucl. Acids. Res.",
  volume = "27",
  number = "11",
  pages = "2369--2376",
  year = "1999",
}

@ARTICLE{KS03,
  AUTHOR    = {J. K{\"a}rkk{\"a}inen and P. Sanders},
  TITLE     = {Simple Linear Work Suffix Array Construction},
  JOURNAL   = {Proceedings opf the 30th International Colloquium on Automata,
               Languages and Programming (ICALP'03),
               Lecture Notes in Computer Science},
  VOLUME    = 2719,
  PAGES     = {943-955},
  YEAR      = 2003
}

@ARTICLE{KSP+03,
  AUTHOR    = {D.K. Kim and J.S. Sim and H. Park and K. Park},
  TITLE     = {Linear-Time Construction of Suffix Arrays},
  JOURNAL   = {Proceedings of the 14th Annual Symposium on Combinatorial Pattern
               Matching (CPM'03), Lecture Notes in Computer Science},
  VOLUME    = 2676,
  PAGES     = {186-199},
  YEAR      = 2003
}

@ARTICLE{KA03,
  AUTHOR    = {P. Ko and A. Aluru},
  TITLE     = {Space Efficient Linear Time Construction of Suffix Arrays},
  JOURNAL   = {Proceedings of the 14th Annual Symposium on Combinatorial Pattern
               Matching (CPM'03), Lecture Notes in Computer Science},
  VOLUME    = 2676,
  PAGES     = {200-210},
  YEAR      = 2003
}

@ARTICLE{AOK02,
  AUTHOR    = {M.I. Abouelhoda and E. Ohlebusch and S. Kurtz},
  TITLE     = {Optimal Exact String Matching Based on Suffix Arrays},
  JOURNAL   = {Proceedings of the 9th International Symposium on String
               Processing and Information Retrieval (SPIRE'02), 
	       Lecture Notes in Computer Science},
  VOLUME    = 2476,
  PAGES     = {31-43},
  YEAR      = 2002
}

@ARTICLE{KMP77,
  AUTHOR    = {D.E. Knuth and J.H. Morris and V.R. Pratt},
  TITLE     = {Fast pattern matching in strings},
  JOURNAL   = {SIAM Journal on Computing},
  VOLUME    = 6,
  NUMBER    = 2,
  PAGES     = {323-350},
  YEAR      = 1977
}

@ARTICLE{BM77,
  AUTHOR    = {R.S. Boyer and J.S. Moore},
  TITLE     = {A Fast String Searching Algorithm},
  JOURNAL   = {Communications of the Association for Computing Machinery},
  VOLUME    = 20,
  NUMBER    = 10,
  PAGES     = {762-772},
  YEAR      = 1977
}

@ARTICLE{AKO04,
  AUTHOR    = {M.I. Abouelhoda and S. Kurtz and E. Ohlebusch},
  TITLE     = {Replacing Suffix Trees with Enhanced Suffix Arrays},
  JOURNAL   = {Journal of Discrete Algorithms},
  VOLUME    = 2,
  PAGES     = {53-86},
  YEAR      = 2004
}

@TECHREPORT{BW94,
  AUTHOR    = {M. Burrows and D.J. Wheeler},
  TITLE     = {A block-sorting lossless data compression algorithm},
  INSTITUTION = {Digital Equipment Corporation, Palo Alto, California},
  NUMBER    = 124,
  YEAR      = 1994
}

@INPROCEEDINGS{KLA+01,
  AUTHOR    = {T. Kasai and G. Lee and H. Arimura and S. Arikawa and K. Park},
  TITLE     = {Linear-Time Longest-Common-Prefix Computation in Suffix Arrays
               and Its Applications},
  BOOKTITLE = {Annual Symposium on Combinatorial Pattern Matching,
               Volume 2089 of Lecture Notes in Computer Science},
  PUBLISHER = {Springer Verlag, Berlin},
  PAGES     = {181-192},
  YEAR      = 2001
}

@UNPUBLISHED{Hau07,
  AUTHOR = {B. Haubold},
  TITLE  = {\texttt{drawStrees1.1} - A program for drawing a generalized suffix
            tree},
  NOTE   = {http://adenine.biz.fh-weihenstephan.de}
}

@Manual{pstricks,
  Title          = {PSTricks - PS macros for generic {\TeX}},
  Author         = {T. van Zandt},
  Organization   = {},
  Address        = {http://tug.org/PSTricks/main.cgi/},
  Note           = {},
  year           = 2007
}

@article{MM85,
  author    = {W. Miller and E.W. Myers},
  title     = {A File Comparison Program.},
  journal   = {Softw., Pract. Exper.},
  volume    = {15},
  number    = {11},
  year      = {1985},
  pages     = {1025-1040},
  bibsource = {DBLP, http://dblp.uni-trier.de}
}

@article{M86,
  author    = {E.W. Myers},
  title     = {An \normalsize{O(ND)} Difference Algorithm and Its Variations.},
  journal   = {Algorithmica},
  volume    = {1},
  number    = {2},
  year      = {1986},
  pages     = {251-266},
  bibsource = {DBLP, http://dblp.uni-trier.de}
}

@article{U85,
  author = {E. Ukkonen},
  title = {Algorithms for approximate string matching},
  journal = {Inf. Control},
  volume = {64},
  number = {1-3},
  year = {1985},
  issn = {0019-9958},
  pages = {100--118},
  doi = {http://dx.doi.org/10.1016/S0019-9958(85)80046-2},
  publisher = {Academic Press Professional, Inc.},
  address = {San Diego, CA, USA},
}

@article{WMMM90,
  author    = {S. Wu and U. Manber and G. Myers and W. Miller},
  title     = {An \normalsize{O(NP)} Sequence Comparison Algorithm.},
  journal   = {Inf. Process. Lett.},
  volume    = {35},
  number    = {6},
  year      = {1990},
  pages     = {317-323},
  bibsource = {DBLP, http://dblp.uni-trier.de}
}

@article{AGM+90,
  address = {National Center for Biotechnology Information,
    National Library of Medicine, National Institutes of Health,
    Bethesda, MD 20894.},
  author = {Altschul, S. F.  and Gish, W.  and Miller, W.
    and Myers, E. W.  and Lipman, D. J. },
  citeulike-article-id = {100088},
  comment = {Original article about
    BLAST.},
  doi = {10.1006/jmbi.1990.9999},
  issn = {0022-2836},
  journal = {J Mol Biol},
  keywords = {altschul-90 blast},
  month = {October},
  number = {3},
  pages = {403--410},
  priority = {2},
  title = {Basic local alignment search tool.},
  url = {http://dx.doi.org/10.1006/jmbi.1990.9999},
  volume = {215},
  year = {1990}
}

@article{AMSZ+97,
  address = {National Center for Biotechnology Information,
    National Library of Medicine, National Institutes of Health,
    Bethesda, MD 20894, USA. altschul@ncbi.nlm.nih.gov},
  author = {Altschul, S. F.  and Madden, T. L.  and
    Sch{\"{a}}ffer, A. A.  and Zhang, J.  and Zhang, Z.
    and Miller, W.  and Lipman, D. J. },
  citeulike-article-id = {238188},
  issn = {0305-1048},
  journal = {Nucleic Acids Res},
  keywords = {bioinformatics},
  month = {September},
  number = {17}, pages = {3389--3402},
  priority = {2},
  title = {Gapped \normalsize{BLAST} and \normalsize{PSI-BLAST}: 
    a new generation of
    protein database search programs.},
  url = {http://nar.oxfordjournals.org/cgi/content/abstract/25/17/3389},
  volume = {25},
  year = {1997}
}

@inproceedings{ZBM98,
  author = {Z. Zhang and P. Berman and W. Miller},
  title = {Alignments without low-scoring regions},
  booktitle = {RECOMB '98: Proceedings of the second annual international
    conference on Computational molecular biology},
  year = {1998},
  isbn = {0-89791-976-9},
  pages = {294--301},
  location = {New York, New York, United States},
  doi = {http://doi.acm.org/10.1145/279069.279137},
  publisher = {ACM Press},
  address = {New York, NY, USA},
}

@Article{ZSMM+98,
  AUTHOR = {Z. Zhang and A.A. Schaffer and W. Miller and T.L. Madden and
            D.J. Lipman and E.V. Koonin and S.F. Altschul},
  TITLE = {Protein sequence similarity searches using patterns as seeds.},
  JOURNAL = {Nucleic Acids Res.},
  VOLUME = {26},
  NUMBER = {17},
  YEAR = {1998},
  PAGES  = {3986-90},
}

@Article{ZSWM00,
  AUTHOR = {Z. Zhang and S. Schwartz and L. Wagner and W. Miller},
  TITLE = {A greedy algorithm for aligning \normalsize{DNA} sequences.},
  JOURNAL = {J Comput Biol.},
  VOLUME = {7},
  NUMBER = {1-2},
  YEAR = {2000},
  PAGES  = {203-14},
}

@book{HMU06,
  author = {J.E. Hopcroft and R. Motwani and J.D. Ullman},
  title = {Introduction to Automata Theory,  Languages, and Computation (3rd
           Edition)},
  year = {2006},
  isbn = {0321462254},
  publisher = {Addison-Wesley Longman Publishing Co., Inc.},
  address = {Boston, MA, USA},
}

@Article{CZOM97,
  AUTHOR = {K.M Chao and J. Zhang and J. Ostell J and W. Miller},
  TITLE = {A tool for aligning very similar \normalsize{DNA} sequences},
  JOURNAL = {Comput Appl Biosci.},
  VOLUME = {13},
  NUMBER = {1},
  YEAR = {1997},
  PAGES  = {75-80},
}

@Article{FHZRM98,
  AUTHOR = {L. Florea and G. Hartzell and Z. Zhang and G.M. Rubin and
             W. Miller },
  TITLE = {A computer program for aligning a \normalsize{cDNA} sequence 
           with a genomic \normalsize{DNA} sequence.},
  JOURNAL = {Genome Res.},
  VOLUME = {8},
  NUMBER = {9},
  YEAR = {1998},
  PAGES  = {967-74},
}

@BOOK{,
  AUTHOR    = {},
  TITLE     = {},
  PUBLISHER = {},
  ADDRESS   = {},
  YEAR      = 2002 
}

@Article{Tho71,
  AUTHOR = {C. A. Thomas},
  TITLE = {The genetic organization of chromosomes.},
  JOURNAL = {Annual Review of Genetics},
  VOLUME = {},
  NUMBER = {5},
  YEAR = {1971},
  PAGES  = {237--256},
}

@Article{Gre01,
  AUTHOR = {T. R. Gregory},
  TITLE = {Coincidence, coevolution, or causation? \normalsize{DNA} content, cell size, and
           the \normalsize{C}-value enigma.},
  JOURNAL = {Biol Rev Camb Philos Soc.},
  VOLUME = {76},
  NUMBER = {1},
  YEAR = {2001},
  PAGES  = {65-101},
}

@ARTICLE{KBK+02,
  author = {J.S. Kaminker and C.M. Bergman and B. Kronmiller and J. Carlson 
            and R. Svirskas and S. Patel and E. Frise and D.A. Wheeler 
	    and S.E. Lewis and G.M. Rubin and M. Ashburner and S.E. Celniker},
  title = {The transposable elements of the \textit{Drosophila melanogaster} euchromatin: 
           a genomics perspective},
  journal = {Genome Biology},
  volume = {3},
  NUMBER = {12},
  pages = {research0084.1-0084.20},
  url = {http://www.citebase.org/abstract?id=oai:biomedcentral.com:gb-2002-3-12-research0084},
  year = {2002}
}


@MISC{GCC,
  TITLE     = {\normalsize{GCC}, the \normalsize{GNU Compiler Collection},
               http://gcc.gnu.org/}
}

@MISC{Splint,
  TITLE     = {\normalsize{Splint}, \normalsize{Secure Programming Lint},
               http:///www.splint.org/}
}

@MISC{Valgrind,
  TITLE     = {\normalsize{Valgrind}, \normalsize{a suite of tools for 
               debugging and profiling Linux programs}, 
               http://valgrind.org/}
}

@ARTICLE{celniker-2002-3,
  author = {S.E. Celniker and D.A. Wheeler and B. Kronmiller and 
    J.W. Carlson and A. Halpern and S. Patel and M. Adams and
    M. Champe and S.P. Dugan and E. Frise and others},
  title = {Finishing a whole-genome shotgun: Release 3 of the \textit{Drosophila
    melanogaster} euchromatic genome sequence},
  journal = {Genome Biology},
  volume = {3},
  pages = {research0079.1-0079.14},
  year = {2002}
}

@ARTICLE{hoskins-2002-3,
  author = {R.A. Hoskins and C.D. Smith and J.W. Carlson
    and A.B. Carvalho and A.Halpern and J.S. Kaminker and
    C. Kennedy and C.J. Mungall and B.A. Sullivan and G.G. Sutton and others},
  title = {Heterochromatic sequences in a \textit{Drosophila} whole-genome shotgun
    assembly},
  journal = {Genome Biology},
  volume = {3},
  pages = {research0085.1-0085.16},
  year = {2002}
}

@article{gilbert07,
  author    = {D.G. Gilbert},
  title     = {\normalsize{DroSpeGe}: rapid access database for new 
               \textit{Drosophila} species genomes},
  journal   = {Nucleic Acids Research},
  volume    = {35},
  number    = {Database-Issue},
  year      = {2007},
  pages     = {480-485},
  ee        = {http://dx.doi.org/10.1093/nar/gkl997},
  bibsource = {DBLP, http://dblp.uni-trier.de}
}

@MISC{BLAST,
  TITLE     = {\normalsize{The Basic Local Alignment Search Tool (BLAST)}, 
               http://www.ncbi.nlm.nih.gov/BLAST/}
}

@MISC{HMMER,
  TITLE     = {\normalsize{HMMER}, 
               \normalsize{Hidden Markov models for sequence profile analysis},
               http://hmmer.janelia.org/}
}

@MISC{MAPVIEWER,
  TITLE     = {\normalsize{NCBI Map Viewer}, 
               http://www.ncbi.nlm.nih.gov/mapview/}
}

@Article{XW07,
  AUTHOR = {Z. Xu and H. Wang},
  TITLE = { \normalsize{LTR\_FINDER}: an efficient tool for the prediction of full-length 
            \normalsize{LTR} retrotransposons},
  JOURNAL = {Nucleic Acids Res.},
  VOLUME = {},
  NUMBER = {10.1093},
  YEAR = {2007},
  PAGES  = {1-4},
}

@article{GGB02,
  title = {\normalsize{ScanProsite}: a reference implementation of a
           \normalsize{PROSITE} scanning tool.},
  author={Gattiker, A. and Gasteiger, E. and Bairoch, A.},
  journal={Appl Bioinformatics},
  volume={1},
  number={2},
  pages={107-8},
  year={2002},
}

@article{ACD04,
author = {A. Bateman and L. Coin and R. Durbin and R.D. Finn and V. Hollich and
  S. Griffiths-Jones and A. Khanna and M. Marshall and S. Moxon and E.L.L.
  Sonnhammer and D.J. Studholme and C. Yeats and S.R. Eddy},
title = {{The Pfam protein families database}},
journal = {Nucl. Acids Res.},
volume = {32},
pages = {D138-141},
year = {2004},
}

@article{RCK07,
  author = {M. Rho and J.H. Choi and S. Kim and M. Lynch and H. Tang},
  journal = {BMC Genomics},
  pages = {90+},
  title = {De novo identification of \normalsize{LTR} retrotransposons in eukaryotic
           genomes},
  volume = {8},
  year = {2007}
}

@Article{KL06,
  AUTHOR = {S. Kim and J. Lee},
  TITLE = {\normalsize{BAG}: a graph theoretic sequence clustering algorithm },
  JOURNAL = {International Journal of Data Mining and Bioinformatics},
  VOLUME = {1},
  NUMBER = {2},
  YEAR = {2006},
  PAGES  = {178-200},
}

@Article{EMBOSS,
  AUTHOR = {Rice,P. and Longden,I. and Bleasby,A.},
  TITLE = {\normalsize{EMBOSS}: The European Molecular Biology Open Software Suite},
  JOURNAL = {Trends in Genetics},
  VOLUME = {16},
  NUMBER = {6},
  YEAR = {2000},
  PAGES  = {276-277},
}

@Article{Benson99,
  AUTHOR = {G. Benson},
  TITLE = {Tandem repeats finder: a program to analyze \normalsize{DNA} sequences},
  JOURNAL = {Nucleic Acids Research},
  VOLUME = {27},
  NUMBER = {2},
  YEAR = {1999},
  PAGES  = {573-580},
}

@MISC{Biopython,
  TITLE     = {\normalsize{Biopython}, 
               http://biopython.org/}
}

@Article{DH05,
  AUTHOR = {M. Dewannieux and T. Heidmann},
  TITLE = {\normalsize{LINEs, SINEs} and processed pseudogenes: parasitic strategies for
           genome modeling.},
  JOURNAL = {Cytogenet Genome Res.},
  VOLUME = {110},
  NUMBER = {1-4},
  YEAR = {2005},
  PAGES  = {35-48},
}

@Article{SSG04,
  AUTHOR = {X. Song and A. Sui and A. Garen},
  TITLE = {Binding of mouse \normalsize{VL30 retrotransposon RNA to PSF protein induces
           genes repressed by PSF}: effects on steroidogenesis and oncogenesis.},
  JOURNAL = {Proc. Natl. Acad. Sci. USA},
  VOLUME = {101},
  NUMBER = {2},
  YEAR = {2004},
  PAGES  = {621-626},
}

@Article{BSKS96,
  AUTHOR = {J. Bode and M. Stengert-Iber and V. Kay and T. Schlake and A. Dietz-Pfeilstetter},
  TITLE = {Scaffold/matrix-attached regions: topological switches with multiple
           regulatory functions.},
  JOURNAL = {Crit. Rev. Eukaryot Gene Expr.},
  VOLUME = {6},
  NUMBER = {2-3},
  YEAR = {1996},
  PAGES  = {15-38},
}

@Article{HGYL04,
  AUTHOR = {H.H. Heng and S. Goetze and C.J Ye and G. Liu and J.B. Stevens and
    S.W. Bremer and S.M. Wykes and J. Bode and S.A. Krawetz},
  TITLE = {Chromatin loops are selectively anchored using
           scaffold/matrix-attachment regions.},
  JOURNAL = {Journal of Cell Science},
  VOLUME = {117},
  NUMBER = {7},
  YEAR = {2004},
  PAGES  = {999-1008},
}

@Article{JRGK03,
  AUTHOR = {K. Jordan and I.B. Rogozin and G.V. Glazko and E.V. Koonin},
  TITLE = {Origin of a substantial fraction of human regulatory sequences from
           transposable elements},
  JOURNAL = {Trends in Genetics},
  VOLUME = {19},
  NUMBER = {2},
  YEAR = {2003},
  PAGES  = {68-72},
}

@Article{SS05,
  AUTHOR = {R. von Sternberg and J.A. Shapiro},
  TITLE = {How repeated retroelements format genome function.},
  JOURNAL = {Cytogenet Genome Res.},
  VOLUME = {110},
  NUMBER = {1-4},
  YEAR = {2005},
  PAGES  = {108-16},
}

@MISC{Dia,
  TITLE     = {\normalsize{Dia}, a \normalsize{GTK+} based diagram 
               creation program,
               http://live.gnome.org/Dia}
}

@MISC{Gnuplot,
  TITLE     = {\normalsize{Gnuplot}, a portable command-line driven interactive
               data and function plotting utility,
               http://www.gnuplot.info/}
}

@MISC{Xfig,
  TITLE     = {\normalsize{Xfig}, a drawing program for the \normalsize{X} 
               windows system,
               http://www.xfig.org/}
}

@Article{G82,
  AUTHOR = {O. Gotoh},
  TITLE = {An improved algorithm for matching biological sequences.},
  JOURNAL = {J.Mol.Biol.},
  VOLUME = {162},
  NUMBER = {3},
  YEAR = {1982},
  PAGES  = {705-708},
}

@Article{HGV04,
  AUTHOR = {E.R. Havecker and X. Gao and D.F. Voytas},
  TITLE = {The diversity of \normalsize{LTR} retrotransposons},
  JOURNAL = {Genome Biology},
  VOLUME = {5},
  NUMBER = {6},
  YEAR = {2004},
  PAGES  = {225},
}

@inproceedings{GKM82,
  author = "S.L. Graham and P.B. Kessler and M.K. McKusick",
  title = "gprof: a \normalsize{Call Graph Execution Profiler}",
  booktitle = "{SIGPLAN} Symposium on Compiler Construction",
  pages = "120-126",
  year = "1982",
}

@Article{,
  AUTHOR = {},
  TITLE = {},
  JOURNAL = {},
  VOLUME = {},
  NUMBER = {},
  YEAR = {},
  PAGES  = {},
}

@MISC{genometools,
  AUTHOR    = {G. Gremme},
  TITLE     = {The \textsc{GenomeTools} genome analysis system.
               http://genometools.org},
}

@MISC{gff3,
  TITLE     = {\textsc{GFF3}, tab delimited file format for genome annotation.
               http://www.sequenceontology.org/gff3.shtml},
}

@Article{EKW07,
  AUTHOR = {D. Ellinghaus and S. Kurtz and U. Willhoeft},
  TITLE = {\textit{LTRharvest}, an efficient and flexible software for de novo
           detection of \normalsize{LTR} retrotransposons},
  JOURNAL = {unpublished},
  VOLUME = {},
  NUMBER = {},
  YEAR = {2007},
  PAGES  = {},
}
